[{"date":"2020-09-30","symbol":"GOOGL","fillingDate":"2020-10-30","acceptedDate":"2020-10-29 19:30:04","period":"Q3","revenue":46173000000,"costOfRevenue":21117000000,"grossProfit":25056000000,"grossProfitRatio":0.5426547982587226,"researchAndDevelopmentExpenses":6856000000,"generalAndAdministrativeExpenses":2756000000,"sellingAndMarketingExpenses":4231000000,"otherExpenses":2146000000,"operatingExpenses":13843000000,"costAndExpenses":34960000000,"interestExpense":0,"depreciationAndAmortization":3289000000,"ebitda":14502000000,"ebitdaratio":0.3140796569423689,"operatingIncome":11213000000,"operatingIncomeRatio":0.24284755159941956,"totalOtherIncomeExpensesNet":2146000000,"incomeBeforeTax":13359000000,"incomeBeforeTaxRatio":0.2893249301539861,"incomeTaxExpense":2112000000,"netIncome":11247000000,"netIncomeRatio":0.24358391267623936,"eps":36.69,"epsdiluted":36.69,"weightedAverageShsOut":682529299,"weightedAverageShsOutDil":682529299,"link":"https://www.sec.gov/Archives/edgar/data/1652044/000165204420000050/0001652044-20-000050-index.htm","finalLink":"https://www.sec.gov/Archives/edgar/data/1652044/000165204420000050/goog-20200930.htm"},{"date":"2020-06-30","symbol":"GOOGL","fillingDate":"2020-07-31","acceptedDate":"2020-07-30 19:57:55","period":"Q2","revenue":38297000000,"costOfRevenue":18553000000,"grossProfit":19744000000,"grossProfitRatio":0.5155495208501971,"researchAndDevelopmentExpenses":6875000000,"generalAndAdministrativeExpenses":6486000000,"sellingAndMarketingExpenses":3901000000,"otherExpenses":1894000000,"operatingExpenses":13361000000,"costAndExpenses":31914000000,"interestExpense":13000000,"depreciationAndAmortization":3386000000,"ebitda":11676000000,"ebitdaratio":0.30488,"operatingIncome":6383000000,"operatingIncomeRatio":0.166671,"totalOtherIncomeExpensesNet":-222000000,"incomeBeforeTax":8277000000,"incomeBeforeTaxRatio":0.216127,"incomeTaxExpense":1318000000,"netIncome":6959000000,"netIncomeRatio":0.181711,"eps":9.48895,"epsdiluted":9.48895,"weightedAverageShsOut":733379000,"weightedAverageShsOutDil":733379000,"link":"https://www.sec.gov/Archives/edgar/data/1652044/000165204420000032/0001652044-20-000032-index.htm","finalLink":"https://www.sec.gov/Archives/edgar/data/1652044/000165204420000032/goog-20200630.htm"},{"date":"2020-03-31","symbol":"GOOGL","fillingDate":"2020-04-29","acceptedDate":"2020-04-28 18:52:33","period":"Q1","revenue":41159000000,"costOfRevenue":18982000000,"grossProfit":22177000000,"grossProfitRatio":0.538813,"researchAndDevelopmentExpenses":6820000000,"generalAndAdministrativeExpenses":7380000000,"sellingAndMarketingExpenses":4500000000,"otherExpenses":-220000000,"operatingExpenses":14200000000,"costAndExpenses":33182000000,"interestExpense":21000000,"depreciationAndAmortization":3108000000,"ebitda":10886000000,"ebitdaratio":0.264487,"operatingIncome":7977000000,"operatingIncomeRatio":0.193809,"totalOtherIncomeExpensesNet":-256000000,"incomeBeforeTax":7757000000,"incomeBeforeTaxRatio":0.188464,"incomeTaxExpense":921000000,"netIncome":6836000000,"netIncomeRatio":0.166088,"eps":9.25421,"epsdiluted":9.25421,"weightedAverageShsOut":738691000,"weightedAverageShsOutDil":738691000,"link":"https://www.sec.gov/Archives/edgar/data/1652044/000165204420000008/goog10-k2019.htm","finalLink":"https://www.sec.gov/Archives/edgar/data/1652044/000165204420000008/goog10-k2019.htm"},{"date":"2019-12-31","symbol":"GOOGL","fillingDate":"2020-02-04","acceptedDate":"2020-02-03 21:03:59","period":"Q4","revenue":46075000000,"costOfRevenue":21020000000,"grossProfit":25055000000,"grossProfitRatio":0.543787,"researchAndDevelopmentExpenses":7222000000,"generalAndAdministrativeExpenses":8567000000,"sellingAndMarketingExpenses":5738000000,"otherExpenses":1438000000,"operatingExpenses":15789000000,"costAndExpenses":36809000000,"interestExpense":17000000,"depreciationAndAmortization":3413000000,"ebitda":14134000000,"ebitdaratio":0.306761,"operatingIncome":9266000000,"operatingIncomeRatio":0.201107,"totalOtherIncomeExpensesNet":-110000000,"incomeBeforeTax":10704000000,"incomeBeforeTaxRatio":0.232317,"incomeTaxExpense":33000000,"netIncome":10671000000,"netIncomeRatio":0.231601,"eps":15.34969,"epsdiluted":15.34969,"weightedAverageShsOut":695193000,"weightedAverageShsOutDil":695193000,"link":"https://www.sec.gov/Archives/edgar/data/1652044/000165204420000008/goog10-k2019.htm","finalLink":"https://www.sec.gov/Archives/edgar/data/1652044/000165204420000008/goog10-k2019.htm"},{"date":"2019-09-30","symbol":"GOOGL","fillingDate":"2019-10-29","acceptedDate":"2019-10-28 19:02:44","period":"Q3","revenue":40499000000,"costOfRevenue":17568000000,"grossProfit":22931000000,"grossProfitRatio":0.566212,"researchAndDevelopmentExpenses":6554000000,"generalAndAdministrativeExpenses":7200000000,"sellingAndMarketingExpenses":4609000000,"otherExpenses":-549000000,"operatingExpenses":13754000000,"costAndExpenses":31322000000,"interestExpense":23000000,"depreciationAndAmortization":2920000000,"ebitda":11571000000,"ebitdaratio":0.285711,"operatingIncome":9177000000,"operatingIncomeRatio":0.226598,"totalOtherIncomeExpensesNet":462000000,"incomeBeforeTax":8628000000,"incomeBeforeTaxRatio":0.213042,"incomeTaxExpense":1560000000,"netIncome":7068000000,"netIncomeRatio":0.174523,"eps":10.12319,"epsdiluted":10.12319,"weightedAverageShsOut":698199000,"weightedAverageShsOutDil":698199000,"link":"https://www.sec.gov/Archives/edgar/data/1652044/000165204419000032/goog10-qq32019.htm","finalLink":"https://www.sec.gov/Archives/edgar/data/1652044/000165204419000032/goog10-qq32019.htm"},{"date":"2019-06-30","symbol":"GOOGL","fillingDate":"2019-07-26","acceptedDate":"2019-07-25 18:11:13","period":"Q2","revenue":38944000000,"costOfRevenue":17296000000,"grossProfit":21648000000,"grossProfitRatio":0.555875,"researchAndDevelopmentExpenses":6213000000,"generalAndAdministrativeExpenses":6255000000,"sellingAndMarketingExpenses":4212000000,"otherExpenses":2967000000,"operatingExpenses":12468000000,"costAndExpenses":29764000000,"interestExpense":25000000,"depreciationAndAmortization":2835000000,"ebitda":15007000000,"ebitdaratio":0.385348,"operatingIncome":9180000000,"operatingIncomeRatio":0.235723,"totalOtherIncomeExpensesNet":-552000000,"incomeBeforeTax":12147000000,"incomeBeforeTaxRatio":0.311909,"incomeTaxExpense":2200000000,"netIncome":9947000000,"netIncomeRatio":0.255418,"eps":14.21093,"epsdiluted":14.21093,"weightedAverageShsOut":699954000,"weightedAverageShsOutDil":699954000,"link":"https://www.sec.gov/Archives/edgar/data/1652044/000165204419000023/goog10-qq22019.htm","finalLink":"https://www.sec.gov/Archives/edgar/data/1652044/000165204419000023/goog10-qq22019.htm"},{"date":"2019-03-31","symbol":"GOOGL","fillingDate":"2019-04-30","acceptedDate":"2019-04-29 19:32:43","period":"Q1","revenue":36339000000,"costOfRevenue":16012000000,"grossProfit":20327000000,"grossProfitRatio":0.559371,"researchAndDevelopmentExpenses":6029000000,"generalAndAdministrativeExpenses":5993000000,"sellingAndMarketingExpenses":3905000000,"otherExpenses":1538000000,"operatingExpenses":13719000000,"costAndExpenses":29731000000,"interestExpense":35000000,"depreciationAndAmortization":2613000000,"ebitda":10794000000,"ebitdaratio":0.297036,"operatingIncome":6608000000,"operatingIncomeRatio":0.181843,"totalOtherIncomeExpensesNet":121000000,"incomeBeforeTax":8146000000,"incomeBeforeTaxRatio":0.224167,"incomeTaxExpense":1489000000,"netIncome":6657000000,"netIncomeRatio":0.183192,"eps":9.49807,"epsdiluted":9.49807,"weightedAverageShsOut":700879000,"weightedAverageShsOutDil":700879000,"link":"https://www.sec.gov/Archives/edgar/data/1652044/000165204419000004/goog10-kq42018.htm","finalLink":"https://www.sec.gov/Archives/edgar/data/1652044/000165204419000004/goog10-kq42018.htm"},{"date":"2018-12-31","symbol":"GOOGL","fillingDate":"2019-02-05","acceptedDate":"2019-02-04 21:06:38","period":"Q4","revenue":39276000000,"costOfRevenue":17918000000,"grossProfit":21358000000,"grossProfitRatio":0.543793,"researchAndDevelopmentExpenses":6034000000,"generalAndAdministrativeExpenses":7103000000,"sellingAndMarketingExpenses":5100000000,"otherExpenses":1869000000,"operatingExpenses":13137000000,"costAndExpenses":31055000000,"interestExpense":29000000,"depreciationAndAmortization":2580000000,"ebitda":12681000000,"ebitdaratio":0.322869,"operatingIncome":8221000000,"operatingIncomeRatio":0.209314,"totalOtherIncomeExpensesNet":177000000,"incomeBeforeTax":10072000000,"incomeBeforeTaxRatio":0.256442,"incomeTaxExpense":1124000000,"netIncome":8948000000,"netIncomeRatio":0.227824,"eps":12.76644,"epsdiluted":12.76644,"weightedAverageShsOut":700900000,"weightedAverageShsOutDil":700900000,"link":"https://www.sec.gov/Archives/edgar/data/1652044/000165204419000004/goog10-kq42018.htm","finalLink":"https://www.sec.gov/Archives/edgar/data/1652044/000165204419000004/goog10-kq42018.htm"},{"date":"2018-09-30","symbol":"GOOGL","fillingDate":"2018-10-26","acceptedDate":"2018-10-25 17:41:36","period":"Q3","revenue":33740000000,"costOfRevenue":14281000000,"grossProfit":19459000000,"grossProfitRatio":0.576734,"researchAndDevelopmentExpenses":5232000000,"generalAndAdministrativeExpenses":5602000000,"sellingAndMarketingExpenses":3849000000,"otherExpenses":1773000000,"operatingExpenses":10834000000,"costAndExpenses":25115000000,"interestExpense":28000000,"depreciationAndAmortization":2355000000,"ebitda":12466000000,"ebitdaratio":0.369472,"operatingIncome":8625000000,"operatingIncomeRatio":0.255631,"totalOtherIncomeExpensesNet":-441000000,"incomeBeforeTax":10083000000,"incomeBeforeTaxRatio":0.298844,"incomeTaxExpense":891000000,"netIncome":9192000000,"netIncomeRatio":0.272436,"eps":13.05682,"epsdiluted":13.05682,"weightedAverageShsOut":704000000,"weightedAverageShsOutDil":704000000,"link":"https://www.sec.gov/Archives/edgar/data/1652044/000165204418000035/goog10-qq32018.htm","finalLink":"https://www.sec.gov/Archives/edgar/data/1652044/000165204418000035/goog10-qq32018.htm"},{"date":"2018-06-30","symbol":"GOOGL","fillingDate":"2018-07-24","acceptedDate":"2018-07-23 21:02:56","period":"Q2","revenue":32657000000,"costOfRevenue":13883000000,"grossProfit":18774000000,"grossProfitRatio":0.574884,"researchAndDevelopmentExpenses":5114000000,"generalAndAdministrativeExpenses":5544000000,"sellingAndMarketingExpenses":3780000000,"otherExpenses":1408000000,"operatingExpenses":15729000000,"costAndExpenses":29612000000,"interestExpense":27000000,"depreciationAndAmortization":2114000000,"ebitda":6356000000,"ebitdaratio":0.194629,"operatingIncome":3045000000,"operatingIncomeRatio":0.093242,"totalOtherIncomeExpensesNet":-399000000,"incomeBeforeTax":4215000000,"incomeBeforeTaxRatio":0.129069,"incomeTaxExpense":1020000000,"netIncome":3195000000,"netIncomeRatio":0.097835,"eps":4.54481,"epsdiluted":4.54481,"weightedAverageShsOut":703000000,"weightedAverageShsOutDil":703000000,"link":"https://www.sec.gov/Archives/edgar/data/1652044/000165204418000027/goog10-qq22018.htm","finalLink":"https://www.sec.gov/Archives/edgar/data/1652044/000165204418000027/goog10-qq22018.htm"},{"date":"2018-03-31","symbol":"GOOGL","fillingDate":"2018-04-24","acceptedDate":"2018-04-23 18:54:51","period":"Q1","revenue":31146000000,"costOfRevenue":13467000000,"grossProfit":17679000000,"grossProfitRatio":0.567617,"researchAndDevelopmentExpenses":5039000000,"generalAndAdministrativeExpenses":5007000000,"sellingAndMarketingExpenses":3604000000,"otherExpenses":3542000000,"operatingExpenses":10046000000,"costAndExpenses":23513000000,"interestExpense":30000000,"depreciationAndAmortization":1986000000,"ebitda":12559000000,"ebitdaratio":0.40323,"operatingIncome":7633000000,"operatingIncomeRatio":0.245072,"totalOtherIncomeExpensesNet":-331000000,"incomeBeforeTax":10543000000,"incomeBeforeTaxRatio":0.338503,"incomeTaxExpense":1142000000,"netIncome":9401000000,"netIncomeRatio":0.301837,"eps":13.33475,"epsdiluted":13.33475,"weightedAverageShsOut":705000000,"weightedAverageShsOutDil":705000000,"link":"https://www.sec.gov/Archives/edgar/data/1652044/000165204418000007/goog10-kq42017.htm","finalLink":"https://www.sec.gov/Archives/edgar/data/1652044/000165204418000007/goog10-kq42017.htm"},{"date":"2017-12-31","symbol":"GOOGL","fillingDate":"2018-02-06","acceptedDate":"2018-02-05 20:46:29","period":"Q4","revenue":32323000000,"costOfRevenue":14267000000,"grossProfit":18056000000,"grossProfitRatio":0.558612,"researchAndDevelopmentExpenses":4306000000,"generalAndAdministrativeExpenses":6086000000,"sellingAndMarketingExpenses":4310000000,"otherExpenses":354000000,"operatingExpenses":10392000000,"costAndExpenses":24659000000,"interestExpense":36000000,"depreciationAndAmortization":2026000000,"ebitda":256000000,"ebitdaratio":0.00792,"operatingIncome":7664000000,"operatingIncomeRatio":0.237107,"totalOtherIncomeExpensesNet":-9000000,"incomeBeforeTax":8018000000,"incomeBeforeTaxRatio":0.248059,"incomeTaxExpense":1214000000,"netIncome":-3020000000,"netIncomeRatio":-0.093432,"eps":-4.34532,"epsdiluted":-4.34532,"weightedAverageShsOut":695000000,"weightedAverageShsOutDil":695000000,"link":"https://www.sec.gov/Archives/edgar/data/1652044/000165204418000007/goog10-kq42017.htm","finalLink":"https://www.sec.gov/Archives/edgar/data/1652044/000165204418000007/goog10-kq42017.htm"},{"date":"2017-09-30","symbol":"GOOGL","fillingDate":"2017-10-27","acceptedDate":"2017-10-26 17:49:09","period":"Q3","revenue":27772000000,"costOfRevenue":11148000000,"grossProfit":16624000000,"grossProfitRatio":0.598589,"researchAndDevelopmentExpenses":4205000000,"generalAndAdministrativeExpenses":4637000000,"sellingAndMarketingExpenses":3042000000,"otherExpenses":197000000,"operatingExpenses":8842000000,"costAndExpenses":19990000000,"interestExpense":27000000,"depreciationAndAmortization":1761000000,"ebitda":9767000000,"ebitdaratio":0.351685,"operatingIncome":7782000000,"operatingIncomeRatio":0.28021,"totalOtherIncomeExpensesNet":55000000,"incomeBeforeTax":7979000000,"incomeBeforeTaxRatio":0.287304,"incomeTaxExpense":1247000000,"netIncome":6732000000,"netIncomeRatio":0.242402,"eps":9.5625,"epsdiluted":9.5625,"weightedAverageShsOut":704000000,"weightedAverageShsOutDil":704000000,"link":"https://www.sec.gov/Archives/edgar/data/1652044/000165204417000042/goog10-qq32017.htm","finalLink":"https://www.sec.gov/Archives/edgar/data/1652044/000165204417000042/goog10-qq32017.htm"},{"date":"2017-06-30","symbol":"GOOGL","fillingDate":"2017-07-25","acceptedDate":"2017-07-24 18:23:27","period":"Q2","revenue":26010000000,"costOfRevenue":10373000000,"grossProfit":15637000000,"grossProfitRatio":0.601192,"researchAndDevelopmentExpenses":4172000000,"generalAndAdministrativeExpenses":4597000000,"sellingAndMarketingExpenses":2897000000,"otherExpenses":245000000,"operatingExpenses":11505000000,"costAndExpenses":21878000000,"interestExpense":21000000,"depreciationAndAmortization":1625000000,"ebitda":6023000000,"ebitdaratio":0.231565,"operatingIncome":4132000000,"operatingIncomeRatio":0.158862,"totalOtherIncomeExpensesNet":31000000,"incomeBeforeTax":4377000000,"incomeBeforeTaxRatio":0.168281,"incomeTaxExpense":853000000,"netIncome":3524000000,"netIncomeRatio":0.135486,"eps":5.00568,"epsdiluted":5.00568,"weightedAverageShsOut":704000000,"weightedAverageShsOutDil":704000000,"link":"https://www.sec.gov/Archives/edgar/data/1652044/000165204417000026/goog10-qq22017.htm","finalLink":"https://www.sec.gov/Archives/edgar/data/1652044/000165204417000026/goog10-qq22017.htm"},{"date":"2017-03-31","symbol":"GOOGL","fillingDate":"2017-05-02","acceptedDate":"2017-05-02 16:25:09","period":"Q1","revenue":24750000000,"costOfRevenue":9795000000,"grossProfit":14955000000,"grossProfitRatio":0.604242,"researchAndDevelopmentExpenses":3942000000,"generalAndAdministrativeExpenses":4445000000,"sellingAndMarketingExpenses":2644000000,"otherExpenses":251000000,"operatingExpenses":8387000000,"costAndExpenses":18182000000,"interestExpense":25000000,"depreciationAndAmortization":1503000000,"ebitda":8347000000,"ebitdaratio":0.337253,"operatingIncome":6568000000,"operatingIncomeRatio":0.265374,"totalOtherIncomeExpensesNet":205000000,"incomeBeforeTax":6819000000,"incomeBeforeTaxRatio":0.275515,"incomeTaxExpense":1393000000,"netIncome":5426000000,"netIncomeRatio":0.219232,"eps":7.72934,"epsdiluted":7.72934,"weightedAverageShsOut":702000000,"weightedAverageShsOutDil":702000000,"link":"https://www.sec.gov/Archives/edgar/data/1652044/000165204417000008/goog10-kq42016.htm","finalLink":"https://www.sec.gov/Archives/edgar/data/1652044/000165204417000008/goog10-kq42016.htm"},{"date":"2016-12-31","symbol":"GOOGL","fillingDate":"2017-02-03","acceptedDate":"2017-02-02 18:13:47","period":"Q4","revenue":26064000000,"costOfRevenue":10661000000,"grossProfit":15403000000,"grossProfitRatio":0.590968,"researchAndDevelopmentExpenses":3622000000,"generalAndAdministrativeExpenses":5142000000,"sellingAndMarketingExpenses":3118000000,"otherExpenses":434000000,"operatingExpenses":8764000000,"costAndExpenses":19425000000,"interestExpense":33000000,"depreciationAndAmortization":1687000000,"ebitda":8577000000,"ebitdaratio":0.329075,"operatingIncome":6639000000,"operatingIncomeRatio":0.254719,"totalOtherIncomeExpensesNet":-227000000,"incomeBeforeTax":6857000000,"incomeBeforeTaxRatio":0.263083,"incomeTaxExpense":1524000000,"netIncome":5333000000,"netIncomeRatio":0.204612,"eps":7.7178,"epsdiluted":7.7178,"weightedAverageShsOut":691000000,"weightedAverageShsOutDil":691000000,"link":"https://www.sec.gov/Archives/edgar/data/1652044/000165204417000008/goog10-kq42016.htm","finalLink":"https://www.sec.gov/Archives/edgar/data/1652044/000165204417000008/goog10-kq42016.htm"},{"date":"2016-09-30","symbol":"GOOGL","fillingDate":"2016-11-03","acceptedDate":"2016-11-02 17:46:02","period":"Q3","revenue":22451000000,"costOfRevenue":8699000000,"grossProfit":13752000000,"grossProfitRatio":0.612534,"researchAndDevelopmentExpenses":3596000000,"generalAndAdministrativeExpenses":4389000000,"sellingAndMarketingExpenses":2565000000,"otherExpenses":0,"operatingExpenses":7985000000,"costAndExpenses":16684000000,"interestExpense":29000000,"depreciationAndAmortization":1596000000,"ebitda":7670000000,"ebitdaratio":0.341633,"operatingIncome":5767000000,"operatingIncomeRatio":0.256871,"totalOtherIncomeExpensesNet":188000000,"incomeBeforeTax":6045000000,"incomeBeforeTaxRatio":0.269253,"incomeTaxExpense":984000000,"netIncome":5061000000,"netIncomeRatio":0.225424,"eps":7.25072,"epsdiluted":7.25072,"weightedAverageShsOut":698000000,"weightedAverageShsOutDil":698000000,"link":"https://www.sec.gov/Archives/edgar/data/1652044/000165204416000038/goog10-qq32016.htm","finalLink":"https://www.sec.gov/Archives/edgar/data/1652044/000165204416000038/goog10-qq32016.htm"},{"date":"2016-06-30","symbol":"GOOGL","fillingDate":"2016-08-04","acceptedDate":"2016-08-04 16:22:44","period":"Q2","revenue":21500000000,"costOfRevenue":8130000000,"grossProfit":13370000000,"grossProfitRatio":0.62186,"researchAndDevelopmentExpenses":3363000000,"generalAndAdministrativeExpenses":4039000000,"sellingAndMarketingExpenses":2415000000,"otherExpenses":0,"operatingExpenses":7402000000,"costAndExpenses":15532000000,"interestExpense":32000000,"depreciationAndAmortization":1490000000,"ebitda":7641000000,"ebitdaratio":0.355395,"operatingIncome":5968000000,"operatingIncomeRatio":0.277581,"totalOtherIncomeExpensesNet":149000000,"incomeBeforeTax":6119000000,"incomeBeforeTaxRatio":0.284605,"incomeTaxExpense":1242000000,"netIncome":4877000000,"netIncomeRatio":0.226837,"eps":6.99713,"epsdiluted":6.99713,"weightedAverageShsOut":697000000,"weightedAverageShsOutDil":697000000,"link":"https://www.sec.gov/Archives/edgar/data/1652044/000165204416000032/goog10-qq22016.htm","finalLink":"https://www.sec.gov/Archives/edgar/data/1652044/000165204416000032/goog10-qq22016.htm"},{"date":"2016-03-31","symbol":"GOOGL","fillingDate":"2016-05-03","acceptedDate":"2016-05-02 20:56:36","period":"Q1","revenue":20257000000,"costOfRevenue":7648000000,"grossProfit":12609000000,"grossProfitRatio":0.622451,"researchAndDevelopmentExpenses":3367000000,"generalAndAdministrativeExpenses":3900000000,"sellingAndMarketingExpenses":2387000000,"otherExpenses":-1000000,"operatingExpenses":7267000000,"costAndExpenses":14915000000,"interestExpense":30000000,"depreciationAndAmortization":1371000000,"ebitda":6530000000,"ebitdaratio":0.322358,"operatingIncome":5342000000,"operatingIncomeRatio":0.263711,"totalOtherIncomeExpensesNet":234000000,"incomeBeforeTax":5129000000,"incomeBeforeTaxRatio":0.253196,"incomeTaxExpense":922000000,"netIncome":4207000000,"netIncomeRatio":0.207681,"eps":6.0186,"epsdiluted":6.0186,"weightedAverageShsOut":699000000,"weightedAverageShsOutDil":699000000,"link":"https://www.sec.gov/Archives/edgar/data/1652044/000165204416000012/goog10-k2015.htm","finalLink":"https://www.sec.gov/Archives/edgar/data/1652044/000165204416000012/goog10-k2015.htm"},{"date":"2015-12-31","symbol":"GOOGL","fillingDate":"2016-02-11","acceptedDate":"2016-02-11 16:38:35","period":"Q4","revenue":21329000000,"costOfRevenue":8188000000,"grossProfit":13141000000,"grossProfitRatio":0.61611,"researchAndDevelopmentExpenses":3510000000,"generalAndAdministrativeExpenses":4251000000,"sellingAndMarketingExpenses":2679000000,"otherExpenses":291000000,"operatingExpenses":7761000000,"costAndExpenses":15949000000,"interestExpense":26000000,"depreciationAndAmortization":1404000000,"ebitda":6630000000,"ebitdaratio":0.310844,"operatingIncome":5380000000,"operatingIncomeRatio":0.252239,"totalOtherIncomeExpensesNet":145000000,"incomeBeforeTax":5200000000,"incomeBeforeTaxRatio":0.2438,"incomeTaxExpense":277000000,"netIncome":4923000000,"netIncomeRatio":0.230813,"eps":7.06313,"epsdiluted":7.06313,"weightedAverageShsOut":697000000,"weightedAverageShsOutDil":697000000,"link":"https://www.sec.gov/Archives/edgar/data/1652044/000165204416000012/goog10-k2015.htm","finalLink":"https://www.sec.gov/Archives/edgar/data/1652044/000165204416000012/goog10-k2015.htm"},{"date":"2015-09-30","symbol":"GOOGL","fillingDate":null,"acceptedDate":null,"period":"Q3","revenue":18675000000,"costOfRevenue":7037000000,"grossProfit":11638000000,"grossProfitRatio":0.623186,"researchAndDevelopmentExpenses":3230000000,"generalAndAdministrativeExpenses":3700000000,"sellingAndMarketingExpenses":6368000000,"otherExpenses":0,"operatingExpenses":6930000000,"costAndExpenses":13967000000,"interestExpense":78000000,"depreciationAndAmortization":1248000000,"ebitda":6217000000,"ebitdaratio":0.332905,"operatingIncome":4708000000,"operatingIncomeRatio":0.252102,"totalOtherIncomeExpensesNet":-40000000,"incomeBeforeTax":4891000000,"incomeBeforeTaxRatio":0.261901,"incomeTaxExpense":912000000,"netIncome":3979000000,"netIncomeRatio":0.213066,"eps":5.73343,"epsdiluted":5.73343,"weightedAverageShsOut":694000000,"weightedAverageShsOutDil":694000000,"link":null,"finalLink":null},{"date":"2015-06-30","symbol":"GOOGL","fillingDate":null,"acceptedDate":null,"period":"Q2","revenue":17727000000,"costOfRevenue":6583000000,"grossProfit":11144000000,"grossProfitRatio":0.628646,"researchAndDevelopmentExpenses":2789000000,"generalAndAdministrativeExpenses":3530000000,"sellingAndMarketingExpenses":0,"otherExpenses":0,"operatingExpenses":6319000000,"costAndExpenses":12902000000,"interestExpense":100000000,"depreciationAndAmortization":1234000000,"ebitda":6290000000,"ebitdaratio":0.354826,"operatingIncome":4825000000,"operatingIncomeRatio":0.272184,"totalOtherIncomeExpensesNet":31000000,"incomeBeforeTax":4956000000,"incomeBeforeTaxRatio":0.279574,"incomeTaxExpense":1025000000,"netIncome":3931000000,"netIncomeRatio":0.221752,"eps":5.68886,"epsdiluted":5.68886,"weightedAverageShsOut":691000000,"weightedAverageShsOutDil":691000000,"link":null,"finalLink":null},{"date":"2015-03-31","symbol":"GOOGL","fillingDate":null,"acceptedDate":null,"period":"Q1","revenue":17258000000,"costOfRevenue":6356000000,"grossProfit":10902000000,"grossProfitRatio":0.631707,"researchAndDevelopmentExpenses":2753000000,"generalAndAdministrativeExpenses":3702000000,"sellingAndMarketingExpenses":0,"otherExpenses":0,"operatingExpenses":6455000000,"costAndExpenses":12811000000,"interestExpense":169000000,"depreciationAndAmortization":1177000000,"ebitda":5950000000,"ebitdaratio":0.344768,"operatingIncome":4447000000,"operatingIncomeRatio":0.257678,"totalOtherIncomeExpensesNet":-12000000,"incomeBeforeTax":4604000000,"incomeBeforeTaxRatio":0.266775,"incomeTaxExpense":1089000000,"netIncome":3515000000,"netIncomeRatio":0.203674,"eps":5.1016,"epsdiluted":5.1016,"weightedAverageShsOut":689000000,"weightedAverageShsOutDil":689000000,"link":null,"finalLink":null},{"date":"2014-12-31","symbol":"GOOGL","fillingDate":null,"acceptedDate":null,"period":"Q4","revenue":18103000000,"costOfRevenue":6921000000,"grossProfit":11182000000,"grossProfitRatio":0.617688,"researchAndDevelopmentExpenses":2813000000,"generalAndAdministrativeExpenses":3970000000,"sellingAndMarketingExpenses":0,"otherExpenses":0,"operatingExpenses":6783000000,"costAndExpenses":13704000000,"interestExpense":-86000000,"depreciationAndAmortization":1267000000,"ebitda":6675000000,"ebitdaratio":0.368723,"operatingIncome":4399000000,"operatingIncomeRatio":0.242998,"totalOtherIncomeExpensesNet":214000000,"incomeBeforeTax":4527000000,"incomeBeforeTaxRatio":0.250069,"incomeTaxExpense":819000000,"netIncome":4675000000,"netIncomeRatio":0.258244,"eps":6.79506,"epsdiluted":6.79506,"weightedAverageShsOut":688000000,"weightedAverageShsOutDil":688000000,"link":null,"finalLink":null},{"date":"2014-09-30","symbol":"GOOGL","fillingDate":null,"acceptedDate":null,"period":"Q3","revenue":16523000000,"costOfRevenue":6695000000,"grossProfit":9828000000,"grossProfitRatio":0.594807,"researchAndDevelopmentExpenses":2655000000,"generalAndAdministrativeExpenses":3449000000,"sellingAndMarketingExpenses":0,"otherExpenses":0,"operatingExpenses":6104000000,"costAndExpenses":12799000000,"interestExpense":331000000,"depreciationAndAmortization":1547000000,"ebitda":5550000000,"ebitdaratio":0.335895,"operatingIncome":3724000000,"operatingIncomeRatio":0.225383,"totalOtherIncomeExpensesNet":-198000000,"incomeBeforeTax":3857000000,"incomeBeforeTaxRatio":0.233432,"incomeTaxExpense":933000000,"netIncome":2739000000,"netIncomeRatio":0.165769,"eps":3.9811,"epsdiluted":3.9811,"weightedAverageShsOut":688000000,"weightedAverageShsOutDil":688000000,"link":null,"finalLink":null},{"date":"2014-06-30","symbol":"GOOGL","fillingDate":null,"acceptedDate":null,"period":"Q2","revenue":15955000000,"costOfRevenue":6114000000,"grossProfit":9841000000,"grossProfitRatio":0.616797,"researchAndDevelopmentExpenses":2238000000,"generalAndAdministrativeExpenses":3345000000,"sellingAndMarketingExpenses":0,"otherExpenses":0,"operatingExpenses":5583000000,"costAndExpenses":11697000000,"interestExpense":118000000,"depreciationAndAmortization":1079000000,"ebitda":5532000000,"ebitdaratio":0.346725,"operatingIncome":4258000000,"operatingIncomeRatio":0.266876,"totalOtherIncomeExpensesNet":27000000,"incomeBeforeTax":4403000000,"incomeBeforeTaxRatio":0.275964,"incomeTaxExpense":984000000,"netIncome":3351000000,"netIncomeRatio":0.210028,"eps":4.88484,"epsdiluted":4.88484,"weightedAverageShsOut":686000000,"weightedAverageShsOutDil":686000000,"link":null,"finalLink":null},{"date":"2014-03-31","symbol":"GOOGL","fillingDate":null,"acceptedDate":null,"period":"Q1","revenue":15420000000,"costOfRevenue":5961000000,"grossProfit":9459000000,"grossProfitRatio":0.613424,"researchAndDevelopmentExpenses":2126000000,"generalAndAdministrativeExpenses":3218000000,"sellingAndMarketingExpenses":0,"otherExpenses":0,"operatingExpenses":5344000000,"costAndExpenses":11305000000,"interestExpense":352000000,"depreciationAndAmortization":1086000000,"ebitda":5712000000,"ebitdaratio":0.370428,"operatingIncome":4115000000,"operatingIncomeRatio":0.266861,"totalOtherIncomeExpensesNet":5000000,"incomeBeforeTax":4472000000,"incomeBeforeTaxRatio":0.290013,"incomeTaxExpense":903000000,"netIncome":3371000000,"netIncomeRatio":0.218612,"eps":4.91399,"epsdiluted":4.91399,"weightedAverageShsOut":686000000,"weightedAverageShsOutDil":686000000,"link":null,"finalLink":null},{"date":"2013-12-31","symbol":"GOOGL","fillingDate":null,"acceptedDate":null,"period":"Q4","revenue":15707000000,"costOfRevenue":6253000000,"grossProfit":9454000000,"grossProfitRatio":0.601897,"researchAndDevelopmentExpenses":1933000000,"generalAndAdministrativeExpenses":3092000000,"sellingAndMarketingExpenses":0,"otherExpenses":0,"operatingExpenses":5025000000,"costAndExpenses":11278000000,"interestExpense":65000000,"depreciationAndAmortization":1036000000,"ebitda":5136000000,"ebitdaratio":0.326988,"operatingIncome":4429000000,"operatingIncomeRatio":0.281976,"totalOtherIncomeExpensesNet":104000000,"incomeBeforeTax":4541000000,"incomeBeforeTaxRatio":0.289107,"incomeTaxExpense":846000000,"netIncome":3189000000,"netIncomeRatio":0.20303,"eps":3.47008,"epsdiluted":3.47008,"weightedAverageShsOut":919000000,"weightedAverageShsOutDil":919000000,"link":null,"finalLink":null},{"date":"2013-09-30","symbol":"GOOGL","fillingDate":null,"acceptedDate":null,"period":"Q3","revenue":13754000000,"costOfRevenue":5409000000,"grossProfit":8345000000,"grossProfitRatio":0.606733,"researchAndDevelopmentExpenses":1821000000,"generalAndAdministrativeExpenses":2763000000,"sellingAndMarketingExpenses":0,"otherExpenses":0,"operatingExpenses":4584000000,"costAndExpenses":9993000000,"interestExpense":183000000,"depreciationAndAmortization":974000000,"ebitda":4739000000,"ebitdaratio":0.344554,"operatingIncome":3761000000,"operatingIncomeRatio":0.273448,"totalOtherIncomeExpensesNet":-169000000,"incomeBeforeTax":3775000000,"incomeBeforeTaxRatio":0.274466,"incomeTaxExpense":612000000,"netIncome":2970000000,"netIncomeRatio":0.215937,"eps":4.38053,"epsdiluted":4.38053,"weightedAverageShsOut":678000000,"weightedAverageShsOutDil":678000000,"link":null,"finalLink":null},{"date":"2013-06-30","symbol":"GOOGL","fillingDate":null,"acceptedDate":null,"period":"Q2","revenue":13107000000,"costOfRevenue":5195000000,"grossProfit":7912000000,"grossProfitRatio":0.603647,"researchAndDevelopmentExpenses":1766000000,"generalAndAdministrativeExpenses":2681000000,"sellingAndMarketingExpenses":0,"otherExpenses":0,"operatingExpenses":4447000000,"costAndExpenses":9642000000,"interestExpense":186000000,"depreciationAndAmortization":1030000000,"ebitda":5371000000,"ebitdaratio":0.409781,"operatingIncome":3465000000,"operatingIncomeRatio":0.264363,"totalOtherIncomeExpensesNet":50000000,"incomeBeforeTax":3701000000,"incomeBeforeTaxRatio":0.282368,"incomeTaxExpense":927000000,"netIncome":3228000000,"netIncomeRatio":0.246281,"eps":4.76809,"epsdiluted":4.76809,"weightedAverageShsOut":677000000,"weightedAverageShsOutDil":677000000,"link":null,"finalLink":null},{"date":"2013-03-31","symbol":"GOOGL","fillingDate":null,"acceptedDate":null,"period":"Q1","revenue":12951000000,"costOfRevenue":5136000000,"grossProfit":7815000000,"grossProfitRatio":0.603428,"researchAndDevelopmentExpenses":1617000000,"generalAndAdministrativeExpenses":2450000000,"sellingAndMarketingExpenses":0,"otherExpenses":0,"operatingExpenses":4067000000,"costAndExpenses":9203000000,"interestExpense":295000000,"depreciationAndAmortization":899000000,"ebitda":4894000000,"ebitdaratio":0.377886,"operatingIncome":3748000000,"operatingIncomeRatio":0.289399,"totalOtherIncomeExpensesNet":-161000000,"incomeBeforeTax":3882000000,"incomeBeforeTaxRatio":0.299745,"incomeTaxExpense":354000000,"netIncome":3346000000,"netIncomeRatio":0.258358,"eps":4.97177,"epsdiluted":4.97177,"weightedAverageShsOut":673000000,"weightedAverageShsOutDil":673000000,"link":null,"finalLink":null},{"date":"2012-12-31","symbol":"GOOGL","fillingDate":null,"acceptedDate":null,"period":"Q4","revenue":14419000000,"costOfRevenue":6213000000,"grossProfit":8206000000,"grossProfitRatio":0.56911,"researchAndDevelopmentExpenses":1935000000,"generalAndAdministrativeExpenses":2877000000,"sellingAndMarketingExpenses":0,"otherExpenses":0,"operatingExpenses":4812000000,"costAndExpenses":11025000000,"interestExpense":0,"depreciationAndAmortization":953000000,"ebitda":4478000000,"ebitdaratio":0.310562,"operatingIncome":3394000000,"operatingIncomeRatio":0.235384,"totalOtherIncomeExpensesNet":152000000,"incomeBeforeTax":3546000000,"incomeBeforeTaxRatio":0.245926,"incomeTaxExpense":639000000,"netIncome":2886000000,"netIncomeRatio":0.200153,"eps":4.30746,"epsdiluted":4.30746,"weightedAverageShsOut":670000000,"weightedAverageShsOutDil":670000000,"link":null,"finalLink":null},{"date":"2012-09-30","symbol":"GOOGL","fillingDate":null,"acceptedDate":null,"period":"Q3","revenue":13304000000,"costOfRevenue":5955000000,"grossProfit":7349000000,"grossProfitRatio":0.55239,"researchAndDevelopmentExpenses":1879000000,"generalAndAdministrativeExpenses":2730000000,"sellingAndMarketingExpenses":0,"otherExpenses":0,"operatingExpenses":4609000000,"costAndExpenses":10564000000,"interestExpense":0,"depreciationAndAmortization":828000000,"ebitda":3651000000,"ebitdaratio":0.274429,"operatingIncome":2740000000,"operatingIncomeRatio":0.205953,"totalOtherIncomeExpensesNet":65000000,"incomeBeforeTax":2805000000,"incomeBeforeTaxRatio":0.210839,"incomeTaxExpense":647000000,"netIncome":2176000000,"netIncomeRatio":0.16356,"eps":3.26237,"epsdiluted":3.26237,"weightedAverageShsOut":667000000,"weightedAverageShsOutDil":667000000,"link":null,"finalLink":null},{"date":"2012-06-30","symbol":"GOOGL","fillingDate":null,"acceptedDate":null,"period":"Q2","revenue":11807000000,"costOfRevenue":4677000000,"grossProfit":7130000000,"grossProfitRatio":0.603879,"researchAndDevelopmentExpenses":1538000000,"generalAndAdministrativeExpenses":2355000000,"sellingAndMarketingExpenses":0,"otherExpenses":0,"operatingExpenses":3893000000,"costAndExpenses":8570000000,"interestExpense":0,"depreciationAndAmortization":670000000,"ebitda":4112000000,"ebitdaratio":0.348268,"operatingIncome":3237000000,"operatingIncomeRatio":0.274159,"totalOtherIncomeExpensesNet":253000000,"incomeBeforeTax":3490000000,"incomeBeforeTaxRatio":0.295587,"incomeTaxExpense":657000000,"netIncome":2785000000,"netIncomeRatio":0.235877,"eps":4.20695,"epsdiluted":4.20695,"weightedAverageShsOut":662000000,"weightedAverageShsOutDil":662000000,"link":null,"finalLink":null},{"date":"2012-03-31","symbol":"GOOGL","fillingDate":null,"acceptedDate":null,"period":"Q1","revenue":10645000000,"costOfRevenue":3789000000,"grossProfit":6856000000,"grossProfitRatio":0.644058,"researchAndDevelopmentExpenses":1441000000,"generalAndAdministrativeExpenses":2026000000,"sellingAndMarketingExpenses":0,"otherExpenses":0,"operatingExpenses":3467000000,"costAndExpenses":7256000000,"interestExpense":139000000,"depreciationAndAmortization":511000000,"ebitda":4195000000,"ebitdaratio":0.394082,"operatingIncome":3389000000,"operatingIncomeRatio":0.318365,"totalOtherIncomeExpensesNet":17000000,"incomeBeforeTax":3545000000,"incomeBeforeTaxRatio":0.33302,"incomeTaxExpense":655000000,"netIncome":2890000000,"netIncomeRatio":0.271489,"eps":4.37879,"epsdiluted":4.37879,"weightedAverageShsOut":660000000,"weightedAverageShsOutDil":660000000,"link":null,"finalLink":null},{"date":"2011-12-31","symbol":"GOOGL","fillingDate":null,"acceptedDate":null,"period":"Q4","revenue":10584000000,"costOfRevenue":3702000000,"grossProfit":6882000000,"grossProfitRatio":0.650227,"researchAndDevelopmentExpenses":1298000000,"generalAndAdministrativeExpenses":2077000000,"sellingAndMarketingExpenses":0,"otherExpenses":0,"operatingExpenses":3375000000,"costAndExpenses":7077000000,"interestExpense":0,"depreciationAndAmortization":503000000,"ebitda":3992000000,"ebitdaratio":0.377173,"operatingIncome":3507000000,"operatingIncomeRatio":0.331349,"totalOtherIncomeExpensesNet":-18000000,"incomeBeforeTax":3489000000,"incomeBeforeTaxRatio":0.329649,"incomeTaxExpense":784000000,"netIncome":2705000000,"netIncomeRatio":0.255574,"eps":4.11094,"epsdiluted":4.11094,"weightedAverageShsOut":658000000,"weightedAverageShsOutDil":658000000,"link":null,"finalLink":null},{"date":"2011-09-30","symbol":"GOOGL","fillingDate":null,"acceptedDate":null,"period":"Q3","revenue":9720000000,"costOfRevenue":3378000000,"grossProfit":6342000000,"grossProfitRatio":0.652469,"researchAndDevelopmentExpenses":1404000000,"generalAndAdministrativeExpenses":1880000000,"sellingAndMarketingExpenses":0,"otherExpenses":0,"operatingExpenses":3284000000,"costAndExpenses":6662000000,"interestExpense":275000000,"depreciationAndAmortization":492000000,"ebitda":4127000000,"ebitdaratio":0.424588,"operatingIncome":3058000000,"operatingIncomeRatio":0.314609,"totalOtherIncomeExpensesNet":27000000,"incomeBeforeTax":3360000000,"incomeBeforeTaxRatio":0.345679,"incomeTaxExpense":631000000,"netIncome":2729000000,"netIncomeRatio":0.280761,"eps":4.16641,"epsdiluted":4.16641,"weightedAverageShsOut":655000000,"weightedAverageShsOutDil":655000000,"link":null,"finalLink":null},{"date":"2011-06-30","symbol":"GOOGL","fillingDate":null,"acceptedDate":null,"period":"Q2","revenue":9026000000,"costOfRevenue":3172000000,"grossProfit":5854000000,"grossProfitRatio":0.648571,"researchAndDevelopmentExpenses":1234000000,"generalAndAdministrativeExpenses":1739000000,"sellingAndMarketingExpenses":0,"otherExpenses":0,"operatingExpenses":2973000000,"costAndExpenses":6145000000,"interestExpense":202000000,"depreciationAndAmortization":455000000,"ebitda":3742000000,"ebitdaratio":0.41458,"operatingIncome":2881000000,"operatingIncomeRatio":0.319189,"totalOtherIncomeExpensesNet":2000000,"incomeBeforeTax":3085000000,"incomeBeforeTaxRatio":0.34179,"incomeTaxExpense":580000000,"netIncome":2505000000,"netIncomeRatio":0.277532,"eps":3.84202,"epsdiluted":3.84202,"weightedAverageShsOut":652000000,"weightedAverageShsOutDil":652000000,"link":null,"finalLink":null},{"date":"2011-03-31","symbol":"GOOGL","fillingDate":null,"acceptedDate":null,"period":"Q1","revenue":8575000000,"costOfRevenue":2936000000,"grossProfit":5639000000,"grossProfitRatio":0.657609,"researchAndDevelopmentExpenses":1226000000,"generalAndAdministrativeExpenses":1617000000,"sellingAndMarketingExpenses":0,"otherExpenses":0,"operatingExpenses":3343000000,"costAndExpenses":6279000000,"interestExpense":0,"depreciationAndAmortization":401000000,"ebitda":2793000000,"ebitdaratio":0.325714,"operatingIncome":2296000000,"operatingIncomeRatio":0.267755,"totalOtherIncomeExpensesNet":96000000,"incomeBeforeTax":2392000000,"incomeBeforeTaxRatio":0.27895,"incomeTaxExpense":594000000,"netIncome":1798000000,"netIncomeRatio":0.209679,"eps":2.75345,"epsdiluted":2.75345,"weightedAverageShsOut":653000000,"weightedAverageShsOutDil":653000000,"link":null,"finalLink":null},{"date":"2010-12-31","symbol":"GOOGL","fillingDate":null,"acceptedDate":null,"period":"Q4","revenue":8440000000,"costOfRevenue":2946000000,"grossProfit":5494000000,"grossProfitRatio":0.650948,"researchAndDevelopmentExpenses":1051000000,"generalAndAdministrativeExpenses":1461000000,"sellingAndMarketingExpenses":0,"otherExpenses":0,"operatingExpenses":2512000000,"costAndExpenses":5458000000,"interestExpense":157000000,"depreciationAndAmortization":381000000,"ebitda":3680000000,"ebitdaratio":0.436019,"operatingIncome":2982000000,"operatingIncomeRatio":0.353318,"totalOtherIncomeExpensesNet":3000000,"incomeBeforeTax":3142000000,"incomeBeforeTaxRatio":0.372275,"incomeTaxExpense":599000000,"netIncome":2543000000,"netIncomeRatio":0.301303,"eps":3.9063,"epsdiluted":3.9063,"weightedAverageShsOut":651000000,"weightedAverageShsOutDil":651000000,"link":null,"finalLink":null},{"date":"2010-09-30","symbol":"GOOGL","fillingDate":null,"acceptedDate":null,"period":"Q3","revenue":7286000000,"costOfRevenue":2552000000,"grossProfit":4734000000,"grossProfitRatio":0.649739,"researchAndDevelopmentExpenses":994000000,"generalAndAdministrativeExpenses":1193000000,"sellingAndMarketingExpenses":0,"otherExpenses":0,"operatingExpenses":2187000000,"costAndExpenses":4739000000,"interestExpense":164000000,"depreciationAndAmortization":342000000,"ebitda":3220000000,"ebitdaratio":0.441943,"operatingIncome":2547000000,"operatingIncomeRatio":0.349575,"totalOtherIncomeExpensesNet":3000000,"incomeBeforeTax":2714000000,"incomeBeforeTaxRatio":0.372495,"incomeTaxExpense":547000000,"netIncome":2167000000,"netIncomeRatio":0.29742,"eps":3.35969,"epsdiluted":3.35969,"weightedAverageShsOut":645000000,"weightedAverageShsOutDil":645000000,"link":null,"finalLink":null},{"date":"2010-06-30","symbol":"GOOGL","fillingDate":null,"acceptedDate":null,"period":"Q2","revenue":6820000000,"costOfRevenue":2467000000,"grossProfit":4353000000,"grossProfitRatio":0.63827,"researchAndDevelopmentExpenses":898000000,"generalAndAdministrativeExpenses":1090000000,"sellingAndMarketingExpenses":0,"otherExpenses":0,"operatingExpenses":1988000000,"costAndExpenses":4455000000,"interestExpense":73000000,"depreciationAndAmortization":342000000,"ebitda":2849000000,"ebitdaratio":0.417742,"operatingIncome":2365000000,"operatingIncomeRatio":0.346774,"totalOtherIncomeExpensesNet":-4000000,"incomeBeforeTax":2434000000,"incomeBeforeTaxRatio":0.356891,"incomeTaxExpense":594000000,"netIncome":1840000000,"netIncomeRatio":0.269795,"eps":2.85271,"epsdiluted":2.85271,"weightedAverageShsOut":645000000,"weightedAverageShsOutDil":645000000,"link":null,"finalLink":null},{"date":"2010-03-31","symbol":"GOOGL","fillingDate":null,"acceptedDate":null,"period":"Q1","revenue":6775000000,"costOfRevenue":2452000000,"grossProfit":4323000000,"grossProfitRatio":0.638081,"researchAndDevelopmentExpenses":818000000,"generalAndAdministrativeExpenses":1017000000,"sellingAndMarketingExpenses":0,"otherExpenses":0,"operatingExpenses":1835000000,"costAndExpenses":4287000000,"interestExpense":15000000,"depreciationAndAmortization":331000000,"ebitda":2852000000,"ebitdaratio":0.420959,"operatingIncome":2488000000,"operatingIncomeRatio":0.367232,"totalOtherIncomeExpensesNet":3000000,"incomeBeforeTax":2506000000,"incomeBeforeTaxRatio":0.369889,"incomeTaxExpense":551000000,"netIncome":1955000000,"netIncomeRatio":0.288561,"eps":3.03101,"epsdiluted":3.03101,"weightedAverageShsOut":645000000,"weightedAverageShsOutDil":645000000,"link":null,"finalLink":null},{"date":"2009-12-31","symbol":"GOOGL","fillingDate":null,"acceptedDate":null,"period":"Q4","revenue":6674000000,"costOfRevenue":2408000000,"grossProfit":4265000000,"grossProfitRatio":0.639047,"researchAndDevelopmentExpenses":736000000,"generalAndAdministrativeExpenses":1048000000,"sellingAndMarketingExpenses":0,"otherExpenses":0,"operatingExpenses":1785000000,"costAndExpenses":4193000000,"interestExpense":83000000,"depreciationAndAmortization":365000000,"ebitda":3017000000,"ebitdaratio":0.452053,"operatingIncome":2481000000,"operatingIncomeRatio":0.371741,"totalOtherIncomeExpensesNet":5000000,"incomeBeforeTax":2569000000,"incomeBeforeTaxRatio":0.384927,"incomeTaxExpense":595000000,"netIncome":1974000000,"netIncomeRatio":0.295775,"eps":3.06522,"epsdiluted":3.06522,"weightedAverageShsOut":644000000,"weightedAverageShsOutDil":644000000,"link":null,"finalLink":null},{"date":"2009-09-30","symbol":"GOOGL","fillingDate":null,"acceptedDate":null,"period":"Q3","revenue":5945000000,"costOfRevenue":2226000000,"grossProfit":3719000000,"grossProfitRatio":0.625568,"researchAndDevelopmentExpenses":758000000,"generalAndAdministrativeExpenses":887000000,"sellingAndMarketingExpenses":0,"otherExpenses":0,"operatingExpenses":1645000000,"costAndExpenses":3871000000,"interestExpense":-8000000,"depreciationAndAmortization":379000000,"ebitda":2438000000,"ebitdaratio":0.410093,"operatingIncome":2074000000,"operatingIncomeRatio":0.348865,"totalOtherIncomeExpensesNet":1000000,"incomeBeforeTax":2067000000,"incomeBeforeTaxRatio":0.347687,"incomeTaxExpense":428000000,"netIncome":1639000000,"netIncomeRatio":0.275694,"eps":2.56495,"epsdiluted":2.56495,"weightedAverageShsOut":639000000,"weightedAverageShsOutDil":639000000,"link":null,"finalLink":null},{"date":"2009-06-30","symbol":"GOOGL","fillingDate":null,"acceptedDate":null,"period":"Q2","revenue":5523000000,"costOfRevenue":2108000000,"grossProfit":3415000000,"grossProfitRatio":0.618323,"researchAndDevelopmentExpenses":708000000,"generalAndAdministrativeExpenses":833000000,"sellingAndMarketingExpenses":0,"otherExpenses":0,"operatingExpenses":1541000000,"costAndExpenses":3649000000,"interestExpense":-15000000,"depreciationAndAmortization":377000000,"ebitda":2219000000,"ebitdaratio":0.401774,"operatingIncome":1874000000,"operatingIncomeRatio":0.339308,"totalOtherIncomeExpensesNet":-2000000,"incomeBeforeTax":1856000000,"incomeBeforeTaxRatio":0.336049,"incomeTaxExpense":372000000,"netIncome":1485000000,"netIncomeRatio":0.268876,"eps":2.33124,"epsdiluted":2.33124,"weightedAverageShsOut":637000000,"weightedAverageShsOutDil":637000000,"link":null,"finalLink":null},{"date":"2009-03-31","symbol":"GOOGL","fillingDate":null,"acceptedDate":null,"period":"Q1","revenue":5509000000,"costOfRevenue":2102000000,"grossProfit":3407000000,"grossProfitRatio":0.618443,"researchAndDevelopmentExpenses":642000000,"generalAndAdministrativeExpenses":882000000,"sellingAndMarketingExpenses":0,"otherExpenses":0,"operatingExpenses":1523000000,"costAndExpenses":3625000000,"interestExpense":7000000,"depreciationAndAmortization":403000000,"ebitda":2300000000,"ebitdaratio":0.417499,"operatingIncome":1884000000,"operatingIncomeRatio":0.341986,"totalOtherIncomeExpensesNet":-1000000,"incomeBeforeTax":1890000000,"incomeBeforeTaxRatio":0.343075,"incomeTaxExpense":467000000,"netIncome":1423000000,"netIncomeRatio":0.258305,"eps":2.24448,"epsdiluted":2.24448,"weightedAverageShsOut":634000000,"weightedAverageShsOutDil":634000000,"link":null,"finalLink":null},{"date":"2008-12-31","symbol":"GOOGL","fillingDate":null,"acceptedDate":null,"period":"Q4","revenue":5701000000,"costOfRevenue":2190000000,"grossProfit":3511000000,"grossProfitRatio":0.615857,"researchAndDevelopmentExpenses":733000000,"generalAndAdministrativeExpenses":917000000,"sellingAndMarketingExpenses":0,"otherExpenses":0,"operatingExpenses":2745000000,"costAndExpenses":4935000000,"interestExpense":68000000,"depreciationAndAmortization":385000000,"ebitda":1288000000,"ebitdaratio":0.225925,"operatingIncome":765000000,"operatingIncomeRatio":0.134187,"totalOtherIncomeExpensesNet":1000000,"incomeBeforeTax":835000000,"incomeBeforeTaxRatio":0.146466,"incomeTaxExpense":453000000,"netIncome":382000000,"netIncomeRatio":0.067006,"eps":0.60252,"epsdiluted":0.60252,"weightedAverageShsOut":634000000,"weightedAverageShsOutDil":634000000,"link":null,"finalLink":null},{"date":"2008-09-30","symbol":"GOOGL","fillingDate":null,"acceptedDate":null,"period":"Q3","revenue":5541000000,"costOfRevenue":2173000000,"grossProfit":3368000000,"grossProfitRatio":0.607833,"researchAndDevelopmentExpenses":705000000,"generalAndAdministrativeExpenses":1016000000,"sellingAndMarketingExpenses":0,"otherExpenses":0,"operatingExpenses":1721000000,"costAndExpenses":3894000000,"interestExpense":20000000,"depreciationAndAmortization":387000000,"ebitda":2076000000,"ebitdaratio":0.374662,"operatingIncome":1648000000,"operatingIncomeRatio":0.297419,"totalOtherIncomeExpensesNet":1000000,"incomeBeforeTax":1669000000,"incomeBeforeTaxRatio":0.301209,"incomeTaxExpense":379000000,"netIncome":1290000000,"netIncomeRatio":0.23281,"eps":2.0283,"epsdiluted":2.0283,"weightedAverageShsOut":636000000,"weightedAverageShsOutDil":636000000,"link":null,"finalLink":null},{"date":"2008-06-30","symbol":"GOOGL","fillingDate":null,"acceptedDate":null,"period":"Q2","revenue":5367000000,"costOfRevenue":2148000000,"grossProfit":3220000000,"grossProfitRatio":0.599963,"researchAndDevelopmentExpenses":682000000,"generalAndAdministrativeExpenses":959000000,"sellingAndMarketingExpenses":0,"otherExpenses":0,"operatingExpenses":1641000000,"costAndExpenses":3789000000,"interestExpense":53000000,"depreciationAndAmortization":391000000,"ebitda":2079000000,"ebitdaratio":0.387367,"operatingIncome":1578000000,"operatingIncomeRatio":0.294019,"totalOtherIncomeExpensesNet":5000000,"incomeBeforeTax":1636000000,"incomeBeforeTaxRatio":0.304826,"incomeTaxExpense":388000000,"netIncome":1247000000,"netIncomeRatio":0.232346,"eps":1.96069,"epsdiluted":1.96069,"weightedAverageShsOut":636000000,"weightedAverageShsOutDil":636000000,"link":null,"finalLink":null},{"date":"2008-03-31","symbol":"GOOGL","fillingDate":null,"acceptedDate":null,"period":"Q1","revenue":5186000000,"costOfRevenue":2111000000,"grossProfit":3076000000,"grossProfitRatio":0.593135,"researchAndDevelopmentExpenses":673000000,"generalAndAdministrativeExpenses":856000000,"sellingAndMarketingExpenses":0,"otherExpenses":0,"operatingExpenses":1529000000,"costAndExpenses":3640000000,"interestExpense":170000000,"depreciationAndAmortization":337000000,"ebitda":2220000000,"ebitdaratio":0.428076,"operatingIncome":1546000000,"operatingIncomeRatio":0.29811,"totalOtherIncomeExpensesNet":-3000000,"incomeBeforeTax":1714000000,"incomeBeforeTaxRatio":0.330505,"incomeTaxExpense":406000000,"netIncome":1307000000,"netIncomeRatio":0.252025,"eps":2.05827,"epsdiluted":2.05827,"weightedAverageShsOut":635000000,"weightedAverageShsOutDil":635000000,"link":null,"finalLink":null},{"date":"2007-12-31","symbol":"GOOGL","fillingDate":null,"acceptedDate":null,"period":"Q4","revenue":4827000000,"costOfRevenue":1956000000,"grossProfit":2871000000,"grossProfitRatio":0.594779,"researchAndDevelopmentExpenses":631000000,"generalAndAdministrativeExpenses":799000000,"sellingAndMarketingExpenses":0,"otherExpenses":0,"operatingExpenses":1430000000,"costAndExpenses":3386000000,"interestExpense":165000000,"depreciationAndAmortization":290000000,"ebitda":2063000000,"ebitdaratio":0.427388,"operatingIncome":1441000000,"operatingIncomeRatio":0.298529,"totalOtherIncomeExpensesNet":2000000,"incomeBeforeTax":1608000000,"incomeBeforeTaxRatio":0.333126,"incomeTaxExpense":402000000,"netIncome":1206000000,"netIncomeRatio":0.249845,"eps":1.89623,"epsdiluted":1.89623,"weightedAverageShsOut":636000000,"weightedAverageShsOutDil":636000000,"link":null,"finalLink":null},{"date":"2007-09-30","symbol":"GOOGL","fillingDate":null,"acceptedDate":null,"period":"Q3","revenue":4231000000,"costOfRevenue":1663000000,"grossProfit":2569000000,"grossProfitRatio":0.607185,"researchAndDevelopmentExpenses":549000000,"generalAndAdministrativeExpenses":702000000,"sellingAndMarketingExpenses":0,"otherExpenses":0,"operatingExpenses":1251000000,"costAndExpenses":2914000000,"interestExpense":159000000,"depreciationAndAmortization":250000000,"ebitda":1881000000,"ebitdaratio":0.444576,"operatingIncome":1318000000,"operatingIncomeRatio":0.31151,"totalOtherIncomeExpensesNet":-4000000,"incomeBeforeTax":1472000000,"incomeBeforeTaxRatio":0.347908,"incomeTaxExpense":402000000,"netIncome":1070000000,"netIncomeRatio":0.252895,"eps":1.69036,"epsdiluted":1.69036,"weightedAverageShsOut":633000000,"weightedAverageShsOutDil":633000000,"link":null,"finalLink":null},{"date":"2007-06-30","symbol":"GOOGL","fillingDate":null,"acceptedDate":null,"period":"Q2","revenue":3872000000,"costOfRevenue":1560000000,"grossProfit":2312000000,"grossProfitRatio":0.597107,"researchAndDevelopmentExpenses":532000000,"generalAndAdministrativeExpenses":675000000,"sellingAndMarketingExpenses":0,"otherExpenses":0,"operatingExpenses":1207000000,"costAndExpenses":2767000000,"interestExpense":138000000,"depreciationAndAmortization":223000000,"ebitda":1603000000,"ebitdaratio":0.413998,"operatingIncome":1105000000,"operatingIncomeRatio":0.285382,"totalOtherIncomeExpensesNet":0,"incomeBeforeTax":1242000000,"incomeBeforeTaxRatio":0.320764,"incomeTaxExpense":317000000,"netIncome":925000000,"netIncomeRatio":0.238895,"eps":1.46593,"epsdiluted":1.46593,"weightedAverageShsOut":631000000,"weightedAverageShsOutDil":631000000,"link":null,"finalLink":null},{"date":"2007-03-31","symbol":"GOOGL","fillingDate":null,"acceptedDate":null,"period":"Q1","revenue":3664000000,"costOfRevenue":1470000000,"grossProfit":2194000000,"grossProfitRatio":0.598799,"researchAndDevelopmentExpenses":408000000,"generalAndAdministrativeExpenses":564000000,"sellingAndMarketingExpenses":0,"otherExpenses":0,"operatingExpenses":973000000,"costAndExpenses":2443000000,"interestExpense":133000000,"depreciationAndAmortization":205000000,"ebitda":1690000000,"ebitdaratio":0.461245,"operatingIncome":1221000000,"operatingIncomeRatio":0.333242,"totalOtherIncomeExpensesNet":-2000000,"incomeBeforeTax":1352000000,"incomeBeforeTaxRatio":0.368996,"incomeTaxExpense":350000000,"netIncome":1002000000,"netIncomeRatio":0.273472,"eps":1.59048,"epsdiluted":1.59048,"weightedAverageShsOut":630000000,"weightedAverageShsOutDil":630000000,"link":null,"finalLink":null},{"date":"2006-12-31","symbol":"GOOGL","fillingDate":null,"acceptedDate":null,"period":"Q4","revenue":3205000000,"costOfRevenue":1283000000,"grossProfit":1922000000,"grossProfitRatio":0.599688,"researchAndDevelopmentExpenses":387000000,"generalAndAdministrativeExpenses":475000000,"sellingAndMarketingExpenses":0,"otherExpenses":0,"operatingExpenses":862000000,"costAndExpenses":2145000000,"interestExpense":122000000,"depreciationAndAmortization":189000000,"ebitda":1496000000,"ebitdaratio":0.466771,"operatingIncome":1061000000,"operatingIncomeRatio":0.331045,"totalOtherIncomeExpensesNet":2000000,"incomeBeforeTax":1185000000,"incomeBeforeTaxRatio":0.369735,"incomeTaxExpense":154000000,"netIncome":1031000000,"netIncomeRatio":0.321685,"eps":1.64434,"epsdiluted":1.64434,"weightedAverageShsOut":627000000,"weightedAverageShsOutDil":627000000,"link":null,"finalLink":null},{"date":"2006-09-30","symbol":"GOOGL","fillingDate":null,"acceptedDate":null,"period":"Q3","revenue":2690000000,"costOfRevenue":1049000000,"grossProfit":1641000000,"grossProfitRatio":0.610037,"researchAndDevelopmentExpenses":313000000,"generalAndAdministrativeExpenses":397000000,"sellingAndMarketingExpenses":0,"otherExpenses":0,"operatingExpenses":709000000,"costAndExpenses":1758000000,"interestExpense":108000000,"depreciationAndAmortization":146000000,"ebitda":1293000000,"ebitdaratio":0.480669,"operatingIncome":931000000,"operatingIncomeRatio":0.346097,"totalOtherIncomeExpensesNet":0,"incomeBeforeTax":1040000000,"incomeBeforeTaxRatio":0.386617,"incomeTaxExpense":306000000,"netIncome":733000000,"netIncomeRatio":0.272491,"eps":1.18035,"epsdiluted":1.18035,"weightedAverageShsOut":621000000,"weightedAverageShsOutDil":621000000,"link":null,"finalLink":null},{"date":"2006-06-30","symbol":"GOOGL","fillingDate":null,"acceptedDate":null,"period":"Q2","revenue":2456000000,"costOfRevenue":989000000,"grossProfit":1467000000,"grossProfitRatio":0.597313,"researchAndDevelopmentExpenses":283000000,"generalAndAdministrativeExpenses":369000000,"sellingAndMarketingExpenses":0,"otherExpenses":0,"operatingExpenses":652000000,"costAndExpenses":1641000000,"interestExpense":103000000,"depreciationAndAmortization":126000000,"ebitda":1205000000,"ebitdaratio":0.490635,"operatingIncome":815000000,"operatingIncomeRatio":0.33184,"totalOtherIncomeExpensesNet":58000000,"incomeBeforeTax":976000000,"incomeBeforeTaxRatio":0.397394,"incomeTaxExpense":255000000,"netIncome":721000000,"netIncomeRatio":0.293567,"eps":1.1629,"epsdiluted":1.1629,"weightedAverageShsOut":620000000,"weightedAverageShsOutDil":620000000,"link":null,"finalLink":null},{"date":"2006-03-31","symbol":"GOOGL","fillingDate":null,"acceptedDate":null,"period":"Q1","revenue":2254000000,"costOfRevenue":904000000,"grossProfit":1350000000,"grossProfitRatio":0.598935,"researchAndDevelopmentExpenses":247000000,"generalAndAdministrativeExpenses":360000000,"sellingAndMarketingExpenses":0,"otherExpenses":0,"operatingExpenses":607000000,"costAndExpenses":1511000000,"interestExpense":79000000,"depreciationAndAmortization":111000000,"ebitda":1000000000,"ebitdaratio":0.443656,"operatingIncome":743000000,"operatingIncomeRatio":0.329636,"totalOtherIncomeExpensesNet":-11000000,"incomeBeforeTax":811000000,"incomeBeforeTaxRatio":0.359805,"incomeTaxExpense":218000000,"netIncome":592000000,"netIncomeRatio":0.262644,"eps":0.97368,"epsdiluted":0.97368,"weightedAverageShsOut":608000000,"weightedAverageShsOutDil":608000000,"link":null,"finalLink":null},{"date":"2005-12-31","symbol":"GOOGL","fillingDate":null,"acceptedDate":null,"period":"Q4","revenue":1919000000,"costOfRevenue":777000000,"grossProfit":1142000000,"grossProfitRatio":0.595102,"researchAndDevelopmentExpenses":190000000,"generalAndAdministrativeExpenses":293000000,"sellingAndMarketingExpenses":0,"otherExpenses":0,"operatingExpenses":572000000,"costAndExpenses":1349000000,"interestExpense":68000000,"depreciationAndAmortization":95000000,"ebitda":803000000,"ebitdaratio":0.418447,"operatingIncome":570000000,"operatingIncomeRatio":0.29703,"totalOtherIncomeExpensesNet":2000000,"incomeBeforeTax":640000000,"incomeBeforeTaxRatio":0.333507,"incomeTaxExpense":268000000,"netIncome":372000000,"netIncomeRatio":0.193851,"eps":0.61184,"epsdiluted":0.61184,"weightedAverageShsOut":608000000,"weightedAverageShsOutDil":608000000,"link":null,"finalLink":null},{"date":"2005-09-30","symbol":"GOOGL","fillingDate":null,"acceptedDate":null,"period":"Q3","revenue":1578000000,"costOfRevenue":655000000,"grossProfit":923000000,"grossProfitRatio":0.584918,"researchAndDevelopmentExpenses":178000000,"generalAndAdministrativeExpenses":216000000,"sellingAndMarketingExpenses":0,"otherExpenses":0,"operatingExpenses":394000000,"costAndExpenses":1049000000,"interestExpense":25000000,"depreciationAndAmortization":76000000,"ebitda":651000000,"ebitdaratio":0.412548,"operatingIncome":529000000,"operatingIncomeRatio":0.335234,"totalOtherIncomeExpensesNet":-4000000,"incomeBeforeTax":550000000,"incomeBeforeTaxRatio":0.348542,"incomeTaxExpense":169000000,"netIncome":381000000,"netIncomeRatio":0.241445,"eps":0.65803,"epsdiluted":0.65803,"weightedAverageShsOut":579000000,"weightedAverageShsOutDil":579000000,"link":null,"finalLink":null},{"date":"2005-06-30","symbol":"GOOGL","fillingDate":null,"acceptedDate":null,"period":"Q2","revenue":1384000000,"costOfRevenue":598000000,"grossProfit":786000000,"grossProfitRatio":0.567919,"researchAndDevelopmentExpenses":123000000,"generalAndAdministrativeExpenses":188000000,"sellingAndMarketingExpenses":0,"otherExpenses":0,"operatingExpenses":311000000,"costAndExpenses":909000000,"interestExpense":16000000,"depreciationAndAmortization":67000000,"ebitda":579000000,"ebitdaratio":0.418353,"operatingIncome":476000000,"operatingIncomeRatio":0.343931,"totalOtherIncomeExpensesNet":4000000,"incomeBeforeTax":495000000,"incomeBeforeTaxRatio":0.357659,"incomeTaxExpense":153000000,"netIncome":343000000,"netIncomeRatio":0.247832,"eps":0.59756,"epsdiluted":0.59756,"weightedAverageShsOut":574000000,"weightedAverageShsOutDil":574000000,"link":null,"finalLink":null},{"date":"2005-03-31","symbol":"GOOGL","fillingDate":null,"acceptedDate":null,"period":"Q1","revenue":1257000000,"costOfRevenue":547000000,"grossProfit":710000000,"grossProfitRatio":0.564837,"researchAndDevelopmentExpenses":109000000,"generalAndAdministrativeExpenses":158000000,"sellingAndMarketingExpenses":0,"otherExpenses":0,"operatingExpenses":267000000,"costAndExpenses":814000000,"interestExpense":12000000,"depreciationAndAmortization":56000000,"ebitda":524000000,"ebitdaratio":0.416866,"operatingIncome":443000000,"operatingIncomeRatio":0.352426,"totalOtherIncomeExpensesNet":2000000,"incomeBeforeTax":456000000,"incomeBeforeTaxRatio":0.362768,"incomeTaxExpense":87000000,"netIncome":369000000,"netIncomeRatio":0.293556,"eps":0.64398,"epsdiluted":0.64398,"weightedAverageShsOut":573000000,"weightedAverageShsOutDil":573000000,"link":null,"finalLink":null},{"date":"2004-12-31","symbol":"GOOGL","fillingDate":null,"acceptedDate":null,"period":"Q4","revenue":1032000000,"costOfRevenue":455000000,"grossProfit":576000000,"grossProfitRatio":0.55814,"researchAndDevelopmentExpenses":123000000,"generalAndAdministrativeExpenses":150000000,"sellingAndMarketingExpenses":0,"otherExpenses":0,"operatingExpenses":274000000,"costAndExpenses":729000000,"interestExpense":0,"depreciationAndAmortization":53000000,"ebitda":363000000,"ebitdaratio":0.351744,"operatingIncome":303000000,"operatingIncomeRatio":0.293605,"totalOtherIncomeExpensesNet":7000000,"incomeBeforeTax":310000000,"incomeBeforeTaxRatio":0.300388,"incomeTaxExpense":106000000,"netIncome":204000000,"netIncomeRatio":0.197674,"eps":0.35664,"epsdiluted":0.35664,"weightedAverageShsOut":572000000,"weightedAverageShsOutDil":572000000,"link":null,"finalLink":null},{"date":"2004-09-30","symbol":"GOOGL","fillingDate":null,"acceptedDate":null,"period":"Q3","revenue":806000000,"costOfRevenue":364000000,"grossProfit":442000000,"grossProfitRatio":0.548387,"researchAndDevelopmentExpenses":100000000,"generalAndAdministrativeExpenses":130000000,"sellingAndMarketingExpenses":0,"otherExpenses":0,"operatingExpenses":431000000,"costAndExpenses":795000000,"interestExpense":0,"depreciationAndAmortization":41000000,"ebitda":56000000,"ebitdaratio":0.069479,"operatingIncome":11000000,"operatingIncomeRatio":0.013648,"totalOtherIncomeExpensesNet":4000000,"incomeBeforeTax":15000000,"incomeBeforeTaxRatio":0.01861,"incomeTaxExpense":-37000000,"netIncome":52000000,"netIncomeRatio":0.064516,"eps":0.09472,"epsdiluted":0.09472,"weightedAverageShsOut":549000000,"weightedAverageShsOutDil":549000000,"link":null,"finalLink":null},{"date":"2004-06-30","symbol":"GOOGL","fillingDate":null,"acceptedDate":null,"period":"Q2","revenue":700000000,"costOfRevenue":329000000,"grossProfit":371000000,"grossProfitRatio":0.53,"researchAndDevelopmentExpenses":92000000,"generalAndAdministrativeExpenses":109000000,"sellingAndMarketingExpenses":0,"otherExpenses":0,"operatingExpenses":200000000,"costAndExpenses":529000000,"interestExpense":0,"depreciationAndAmortization":32000000,"ebitda":201000000,"ebitdaratio":0.287143,"operatingIncome":171000000,"operatingIncomeRatio":0.244286,"totalOtherIncomeExpensesNet":-1000000,"incomeBeforeTax":169000000,"incomeBeforeTaxRatio":0.241429,"incomeTaxExpense":90000000,"netIncome":79000000,"netIncomeRatio":0.112857,"eps":0.14822,"epsdiluted":0.14822,"weightedAverageShsOut":533000000,"weightedAverageShsOutDil":533000000,"link":null,"finalLink":null},{"date":"2004-03-31","symbol":"GOOGL","fillingDate":null,"acceptedDate":null,"period":"Q1","revenue":652000000,"costOfRevenue":320000000,"grossProfit":331000000,"grossProfitRatio":0.507669,"researchAndDevelopmentExpenses":81000000,"generalAndAdministrativeExpenses":95000000,"sellingAndMarketingExpenses":0,"otherExpenses":0,"operatingExpenses":176000000,"costAndExpenses":496000000,"interestExpense":0,"depreciationAndAmortization":23000000,"ebitda":179000000,"ebitdaratio":0.27454,"operatingIncome":155000000,"operatingIncomeRatio":0.23773,"totalOtherIncomeExpensesNet":0,"incomeBeforeTax":156000000,"incomeBeforeTaxRatio":0.239264,"incomeTaxExpense":92000000,"netIncome":64000000,"netIncomeRatio":0.09816,"eps":0.12121,"epsdiluted":0.12121,"weightedAverageShsOut":528000000,"weightedAverageShsOutDil":528000000,"link":null,"finalLink":null},{"date":"2003-12-31","symbol":"GOOGL","fillingDate":null,"acceptedDate":null,"period":"Q4","revenue":512000000,"costOfRevenue":254000000,"grossProfit":259000000,"grossProfitRatio":0.505859,"researchAndDevelopmentExpenses":85000000,"generalAndAdministrativeExpenses":87000000,"sellingAndMarketingExpenses":0,"otherExpenses":0,"operatingExpenses":172000000,"costAndExpenses":426000000,"interestExpense":0,"depreciationAndAmortization":13000000,"ebitda":102000000,"ebitdaratio":0.199219,"operatingIncome":86000000,"operatingIncomeRatio":0.167969,"totalOtherIncomeExpensesNet":3000000,"incomeBeforeTax":89000000,"incomeBeforeTaxRatio":0.173828,"incomeTaxExpense":62000000,"netIncome":27000000,"netIncomeRatio":0.052734,"eps":0.05143,"epsdiluted":0.05143,"weightedAverageShsOut":525000000,"weightedAverageShsOutDil":525000000,"link":null,"finalLink":null},{"date":"2003-09-30","symbol":"GOOGL","fillingDate":null,"acceptedDate":null,"period":"Q3","revenue":394000000,"costOfRevenue":173000000,"grossProfit":221000000,"grossProfitRatio":0.560914,"researchAndDevelopmentExpenses":77000000,"generalAndAdministrativeExpenses":77000000,"sellingAndMarketingExpenses":0,"otherExpenses":0,"operatingExpenses":154000000,"costAndExpenses":327000000,"interestExpense":0,"depreciationAndAmortization":19000000,"ebitda":86000000,"ebitdaratio":0.218274,"operatingIncome":67000000,"operatingIncomeRatio":0.170051,"totalOtherIncomeExpensesNet":0,"incomeBeforeTax":67000000,"incomeBeforeTaxRatio":0.170051,"incomeTaxExpense":47000000,"netIncome":20000000,"netIncomeRatio":0.050761,"eps":0.03876,"epsdiluted":0.03876,"weightedAverageShsOut":516000000,"weightedAverageShsOutDil":516000000,"link":null,"finalLink":null},{"date":"2003-06-30","symbol":"GOOGL","fillingDate":null,"acceptedDate":null,"period":"Q2","revenue":311000000,"costOfRevenue":119000000,"grossProfit":192000000,"grossProfitRatio":0.617363,"researchAndDevelopmentExpenses":36000000,"generalAndAdministrativeExpenses":51000000,"sellingAndMarketingExpenses":0,"otherExpenses":0,"operatingExpenses":87000000,"costAndExpenses":206000000,"interestExpense":0,"depreciationAndAmortization":11000000,"ebitda":116000000,"ebitdaratio":0.37299,"operatingIncome":105000000,"operatingIncomeRatio":0.337621,"totalOtherIncomeExpensesNet":1000000,"incomeBeforeTax":106000000,"incomeBeforeTaxRatio":0.340836,"incomeTaxExpense":73000000,"netIncome":32000000,"netIncomeRatio":0.102894,"eps":0.06214,"epsdiluted":0.06214,"weightedAverageShsOut":515000000,"weightedAverageShsOutDil":515000000,"link":null,"finalLink":null},{"date":"2003-03-31","symbol":"GOOGL","fillingDate":null,"acceptedDate":null,"period":"Q1","revenue":249000000,"costOfRevenue":89000000,"grossProfit":160000000,"grossProfitRatio":0.64257,"researchAndDevelopmentExpenses":32000000,"generalAndAdministrativeExpenses":43000000,"sellingAndMarketingExpenses":0,"otherExpenses":0,"operatingExpenses":75000000,"costAndExpenses":164000000,"interestExpense":0,"depreciationAndAmortization":7000000,"ebitda":92000000,"ebitdaratio":0.369478,"operatingIncome":85000000,"operatingIncomeRatio":0.341365,"totalOtherIncomeExpensesNet":0,"incomeBeforeTax":85000000,"incomeBeforeTaxRatio":0.341365,"incomeTaxExpense":59000000,"netIncome":26000000,"netIncomeRatio":0.104418,"eps":0.05231,"epsdiluted":0.05231,"weightedAverageShsOut":497000000,"weightedAverageShsOutDil":497000000,"link":null,"finalLink":null},{"date":"2002-12-31","symbol":"GOOGL","fillingDate":null,"acceptedDate":null,"period":"Q4","revenue":188000000,"costOfRevenue":66000000,"grossProfit":122000000,"grossProfitRatio":0.648936,"researchAndDevelopmentExpenses":13000000,"generalAndAdministrativeExpenses":25000000,"sellingAndMarketingExpenses":0,"otherExpenses":0,"operatingExpenses":39000000,"costAndExpenses":105000000,"interestExpense":0,"depreciationAndAmortization":0,"ebitda":83000000,"ebitdaratio":0.441489,"operatingIncome":83000000,"operatingIncomeRatio":0.441489,"totalOtherIncomeExpensesNet":0,"incomeBeforeTax":83000000,"incomeBeforeTaxRatio":0.441489,"incomeTaxExpense":38000000,"netIncome":45000000,"netIncomeRatio":0.239362,"eps":0.09534,"epsdiluted":0.09534,"weightedAverageShsOut":472000000,"weightedAverageShsOutDil":472000000,"link":null,"finalLink":null},{"date":"2002-09-30","symbol":"GOOGL","fillingDate":null,"acceptedDate":null,"period":"Q3","revenue":131000000,"costOfRevenue":40000000,"grossProfit":91000000,"grossProfitRatio":0.694656,"researchAndDevelopmentExpenses":12000000,"generalAndAdministrativeExpenses":22000000,"sellingAndMarketingExpenses":0,"otherExpenses":0,"operatingExpenses":34000000,"costAndExpenses":74000000,"interestExpense":0,"depreciationAndAmortization":0,"ebitda":56000000,"ebitdaratio":0.427481,"operatingIncome":57000000,"operatingIncomeRatio":0.435115,"totalOtherIncomeExpensesNet":-1000000,"incomeBeforeTax":56000000,"incomeBeforeTaxRatio":0.427481,"incomeTaxExpense":26000000,"netIncome":30000000,"netIncomeRatio":0.229008,"eps":0.06438,"epsdiluted":0.06438,"weightedAverageShsOut":466000000,"weightedAverageShsOutDil":466000000,"link":null,"finalLink":null},{"date":"2002-06-30","symbol":"GOOGL","fillingDate":null,"acceptedDate":null,"period":"Q2","revenue":79000000,"costOfRevenue":21000000,"grossProfit":58000000,"grossProfitRatio":0.734177,"researchAndDevelopmentExpenses":8000000,"generalAndAdministrativeExpenses":19000000,"sellingAndMarketingExpenses":0,"otherExpenses":0,"operatingExpenses":26000000,"costAndExpenses":47000000,"interestExpense":0,"depreciationAndAmortization":0,"ebitda":31000000,"ebitdaratio":0.392405,"operatingIncome":31000000,"operatingIncomeRatio":0.392405,"totalOtherIncomeExpensesNet":0,"incomeBeforeTax":31000000,"incomeBeforeTaxRatio":0.392405,"incomeTaxExpense":14000000,"netIncome":17000000,"netIncomeRatio":0.21519,"eps":0.03855,"epsdiluted":0.03855,"weightedAverageShsOut":441000000,"weightedAverageShsOutDil":441000000,"link":null,"finalLink":null},{"date":"2002-03-31","symbol":"GOOGL","fillingDate":null,"acceptedDate":null,"period":"Q1","revenue":42000000,"costOfRevenue":6000000,"grossProfit":36000000,"grossProfitRatio":0.857143,"researchAndDevelopmentExpenses":7000000,"generalAndAdministrativeExpenses":14000000,"sellingAndMarketingExpenses":0,"otherExpenses":0,"operatingExpenses":21000000,"costAndExpenses":27000000,"interestExpense":0,"depreciationAndAmortization":0,"ebitda":15000000,"ebitdaratio":0.357143,"operatingIncome":15000000,"operatingIncomeRatio":0.357143,"totalOtherIncomeExpensesNet":-1000000,"incomeBeforeTax":15000000,"incomeBeforeTaxRatio":0.357143,"incomeTaxExpense":7000000,"netIncome":8000000,"netIncomeRatio":0.190476,"eps":0.01814,"epsdiluted":0.01814,"weightedAverageShsOut":441000000,"weightedAverageShsOutDil":441000000,"link":null,"finalLink":null}]